@manual{AD9910,
    organization = "Analog Devices",
    title        = "1 GSPS, 14-Bit, 3.3 V CMOS Direct Digital Synthesizer",
    number       = "AD9910",
    year         = 2012, 
    month        = 5,
    note         = "Rev. D",
    url          = "http://www.analog.com/media/en/technical-documentation/data-sheets/AD9910.pdf",
}

@thesis{Hertlein2017,
  title={Test setup for singleâ€“site manipulation using a 2D acousto-optic deflector"},
  author={Simon Hertlein},
  year={2017},
}

@article{Gross2017,
  author = {Gross, Christian and Bloch, Immanuel},
  title = {Quantum simulations with ultracold atoms in optical lattices},
  volume = {357},
  number = {6355},
  pages = {995--1001},
  year = {2017},
  doi = {10.1126/science.aal3837},
  publisher = {American Association for the Advancement of Science},
  issn = {0036-8075},
  URL = {http://science.sciencemag.org/content/357/6355/995},
  eprint = {http://science.sciencemag.org/content/357/6355/995.full.pdf},
  journal = {Science},
}

@article{Lewenstein2007,
author = { Maciej   Lewenstein  and  Anna   Sanpera  and  Veronica   Ahufinger  and  Bogdan   Damski  and  Aditi   Sen(De)  and  Ujjwal   Sen },
title = {Ultracold atomic gases in optical lattices: mimicking condensed matter physics and beyond},
journal = {Advances in Physics},
volume = {56},
number = {2},
pages = {243-379},
year  = {2007},
publisher = {Taylor & Francis},
doi = {10.1080/00018730701223200},
URL = { https://doi.org/10.1080/00018730701223200},
eprint = {https://doi.org/10.1080/00018730701223200}
}
