@manual{AD9910,
    organization = "Analog Devices",
    title        = "1 GSPS, 14-Bit, 3.3 V CMOS Direct Digital Synthesizer",
    number       = "AD9910",
    year         = 2012, 
    month        = 5,
    note         = "Rev. D",
    url          = "http://www.analog.com/media/en/technical-documentation/data-sheets/AD9910.pdf",
}

@article{Ashley2003,
  title = {On Best Rational Approximations Using Large Integers},
  url = {http://esrg.sourceforge.net/docs/paper_brap_detailed.pdf},
  year = 2013,
  author = {David T. Ashley et al},
}

@thesis{Hertlein2017,
  title={Test setup for single–site manipulation using a 2D acousto-optic deflector"},
  author={Simon Hertlein},
  year={2017},
}

@article{Gross2017,
  author = {Gross, Christian and Bloch, Immanuel},
  title = {Quantum simulations with ultracold atoms in optical lattices},
  volume = {357},
  number = {6355},
  pages = {995--1001},
  year = {2017},
  doi = {10.1126/science.aal3837},
  publisher = {American Association for the Advancement of Science},
  issn = {0036-8075},
  URL = {http://science.sciencemag.org/content/357/6355/995},
  eprint = {http://science.sciencemag.org/content/357/6355/995.full.pdf},
  journal = {Science},
}

@article{Lewenstein2007,
author = { Maciej   Lewenstein  and  Anna   Sanpera  and  Veronica   Ahufinger  and  Bogdan   Damski  and  Aditi   Sen(De)  and  Ujjwal   Sen },
title = {Ultracold atomic gases in optical lattices: mimicking condensed matter physics and beyond},
journal = {Advances in Physics},
volume = {56},
number = {2},
pages = {243-379},
year  = {2007},
publisher = {Taylor & Francis},
doi = {10.1080/00018730701223200},
URL = { https://doi.org/10.1080/00018730701223200},
eprint = {https://doi.org/10.1080/00018730701223200}
}

@article{Tadmor2004,
author = {Tadmor, Rafael},
title = {Line Energy and the Relation between Advancing, Receding, and Young Contact Angles},
journal = {Langmuir},
volume = {20},
number = {18},
pages = {7659-7664},
year = {2004},
doi = {10.1021/la049410h},
note ={PMID: 15323516},
URL = {http://dx.doi.org/10.1021/la049410h},
eprint = {http://dx.doi.org/10.1021/la049410h}
}

@article{Roy2016,
  title = {Rapid cooling to quantum degeneracy in dynamically shaped atom traps},
  author = {Roy, Richard and Green, Alaina and Bowler, Ryan and Gupta, Subhadeep},
  journal = {Phys. Rev. A},
  volume = {93},
  issue = {4},
  pages = {043403},
  numpages = {7},
  year = {2016},
  month = {4},
  publisher = {American Physical Society},
  doi = {10.1103/PhysRevA.93.043403},
  url = {https://link.aps.org/doi/10.1103/PhysRevA.93.043403}
}

@book{Ashcroft1976,
  title={Solid State Physics},
  author={Ashcroft, N.W. and Mermin, N.D.},
  isbn={9780030839931},
  lccn={lc74009772},
  series={HRW international editions},
  url={https://books.google.de/books?id=oXIfAQAAMAAJ},
  year={1976},
  publisher={Holt, Rinehart and Winston}
}

@book{Lewenstein2012,
  title={Ultracold Atoms in Optical Lattices: Simulating Quantum Many-body Systems},
  author={Lewenstein, M. and Sanpera, A. and Ahufinger, V.},
  isbn={9780199573127},
  lccn={2012932694},
  series={EBSCO ebook academic collection},
  url={https://books.google.de/books?id=e4OiwSkmtQwC},
  year={2012},
  publisher={OUP Oxford}
}

@thesis{Rom2009,
       title = {Bosonische und fermionische Quantengase in dreidimensionalen optischen Gittern},
      author = {Tim Rom},
   publisher = {Ludwig-Maximilians-Universität München},
       month = {12},
        year = {2009},
    keywords = {optische Gitter, Quantengase, Fermionen, Antibunching, HBT-Effekt, Bandisolator, Mott-Isolator}
}

@thesis{Goerg2014,
       title = {Ultracold Fermionic Atoms in Optical Superlattices},
      author = {Frederik Görg},
   publisher = {Technische Universität München},
       month = {03},
        year = {2014}
}

@manual{SN74128,
    organization = "Analog Devices",
    title        = "SN54128, SN74128 Line Drivers",
    year         = 1988,
    month        = 3,
    url          = "http://www.ti.com/lit/ds/symlink/sn74128.pdf"
}

@book{Jackson2005,
  title={Wie Classical Electrodynamics, 3rd Edition, Intern Ational Edition},
  author={Jackson, J. and Jackson, J.D.},
  isbn={9780471427643},
  url={https://books.google.de/books?id=XFyDkgEACAAJ},
  year={2005},
  publisher={John Wiley \& Sons, Limited}
}

@book{Gerry2004,
  title={Introductory Quantum Optics},
  author={Gerry, C. and Knight, P.},
  isbn={9781139453554},
  url={https://books.google.de/books?id=MDwgAwAAQBAJ},
  year={2004},
  publisher={Cambridge University Press}
}

@book{Bethe1957,
  title={Quantum mechanics of one- and two-electron atoms},
  author={Bethe, H.A. and Salpeter, E.E.},
  lccn={58003131},
  url={https://books.google.de/books?id=1ZUuAAAAIAAJ},
  year={1957},
  publisher={Springer}
}

@book{Bartelmann2018,
  title={Theoretische Physik 2 | Elektrodynamik},
  author={Bartelmann, M. and Feuerbacher, B. and Kr{\"u}ger, T. and L{\"u}st, D. and Rebhan, A. and Wipf, A.},
  isbn={9783662561164},
  url={https://books.google.de/books?id=seqmswEACAAJ},
  year={2018},
  publisher={Springer Berlin Heidelberg}
}

@book{Roessler2004,
  title={Solid State Theory: An Introduction},
  author={R{\"o}ssler, U.},
  isbn={9783540222446},
  lccn={04106905},
  series={Advanced Texts in Physics},
  url={https://books.google.de/books?id=qgU50X9vtIoC},
  year={2004},
  publisher={Springer Berlin Heidelberg}
}

@thesis{Bissbort2013,
  author      = {Ulf Bissbort},
  title       = {Dynamical effects and disorder in ultracold bosonic matter},
  year        = {2013},
  url={http://publikationen.ub.uni-frankfurt.de/frontdoor/index/index/docId/28591}
}

@article{Grimm2008,
title = "Optical Dipole Traps for Neutral Atoms",
editor = "Benjamin Bederson and Herbert Walther",
series = "Advances In Atomic, Molecular, and Optical Physics",
publisher = "Academic Press",
volume = "42",
pages = "95 - 170",
year = "2000",
issn = "1049-250X",
doi = "https://doi.org/10.1016/S1049-250X(08)60186-X",
url = "http://www.sciencedirect.com/science/article/pii/S1049250X0860186X",
author = "Rudolf Grimm and Matthias Weidemüller and Yurii B. Ovchinnikov"
}

@article{Bloch2008,
  title = {Many-body physics with ultracold gases},
  author = {Bloch, Immanuel and Dalibard, Jean and Zwerger, Wilhelm},
  journal = {Rev. Mod. Phys.},
  volume = {80},
  issue = {3},
  pages = {885--964},
  numpages = {0},
  year = {2008},
  month = {Jul},
  publisher = {American Physical Society},
  doi = {10.1103/RevModPhys.80.885},
  url = {https://link.aps.org/doi/10.1103/RevModPhys.80.885}
}

@article{Connor1984,
  author = {Connor,J. N. L.  and Uzer,T.  and Marcus,R. A.  and Smith,A. D. },
  title = {Eigenvalues of the Schrödinger equation for a periodic potential with nonperiodic boundary conditions: A uniform semiclassical analysis},
  journal = {The Journal of Chemical Physics},
  volume = {80},
  number = {10},
  pages = {5095-5106},
  year = {1984},
  doi = {10.1063/1.446581},
  URL = {https://doi.org/10.1063/1.446581},
  eprint = {https://doi.org/10.1063/1.446581}
}
